@inproceedings{ bib:charman93solving,
    author = "Philippe Charman",
    title = "Solving Space Planning using Constraint Technology",
    booktitle = "Constraint Processing: Proceedings of the International Workshop at {CSAM'93}, St.\ Petersburg",
    address = "DFKI Kai\-sers\-lau\-tern",
    pages = "159--172",
    year = "1993",
    url = "citeseer.nj.nec.com/charman93solving.html" }

@inproceedings{ bib:ht01,
    author = "E. Hopper and B. C. H. Turton",
    title = "A Review of the Application of Meta-Heuristic Algorithms to 2D Strip Packing Problems",
    booktitle = "Artificial Intelligence Review",
    volume = "16",
    pages = "257--300",
    year = "2001" }

@techreport{ bib:pallet,
    author = "Josef Nelissen",
    title = "New Approaches to the Pallet Loading Problem",
    institution = "Lehrstuhl f√ºr Angenwandte Mathematik",
    year = "1993" }

@misc{ bib:scheithauer-heuristic,
    author = "Guntram Scheithauer and Johannes Terno",
    title = "A Heuristic Approach for Solving the Multi-Pallet Packing Problem",
    year = "1997",
    url = "citeseer.nj.nec.com/scheithauer96heuristic.html" }

@article{ bib:bl_algorithm,
    author = "Dequan Liu and Hongfei Teng",
    title = "An improved {BL}-{A}lgorithm for genetic algorithm of the orthogonal packing of rectangles",
    journal = "European Journal of Operational Research",
    volume = "112",
    pages = "413--420",
    year = "1999" }

@article{ bib:martello98exact,
    author = "Silvano Martello and Daniele Vigo",
    title = "{E}xact Solution of the {T}wo-{D}imensional Finite {B}in {P}acking {P}roblem",
    journal = "{M}anagement {S}cience",
    year = "1998" }

@article{ bib:martello00threedimensional,
    author = "Silvano Martello and Daniele Vigo",
    title = "The {T}hree-{D}imensional {B}in {P}acking {P}roblem",
    journal = "{R}icerca {O}perativa",
    year = "2000" }

@techreport{ bib:pisinger,
    author = "David Pisinger",
    title = "A tree-search heuristic for the container loading problem",
    institution = "Dept. of Computer Science, University of Copenhage, Denmark",
    year = "1999" }

@article{ bib:onodera,
    author = "Hidetoshi Onodera, Yo Taniguchi and Keikichi Tamaru",
    title = "{B}ranch-and-{B}ound {P}lacement for {B}uiling {B}lock {L}ayout",
    journal = "{IEEE} {D}esign {A}utomatation {C}onference",
    pages = "433--439",
    year = "1991" }

@techreport{ bib:modelling93,
    author = "Guntram Scheithauer and Johannes Terno",
    title = "Modelling of Packing Problems",
    institution = "Dresden University of Technology",
    year = "1993" }
